@manual{bib:VRFields,
	author = {Sophie Thompson},
	title = {VR Application: 23 Industries using Virtual Reality},
	year = {2022},
	note = {\url{https://virtualspeech.com/blog/vr-applications}(23.9.2022)},
}

@online{bib:InosoftAbout,
	author = {{Inosoft AG}},
	title = {Wir sind Inosoft},
	url = {https://inosoft.de/unternehmen},
	note = {\url{https://inosoft.de/unternehmen}(23.9.2022)},
}

@online{bib:InosoftProject,
	author = {{Inosoft AG}},
	title = {Mitarbeiterschulung mit Hilfe einer Virtual Reality Anwendung},
	note = {\url{https://inosoft.de/themen/virtual-reality/mitarbeiterschulung-mit-virtual-reality}(23.9.2022)},
}

@techreport{bib:DSDoc,
	author = {{Epic Games}},
	title = {Datasmith Overview},
	institution = {Epic Games},
	year = {2022},
	type = {Official Documentation},
	note = {\url{https://docs.unrealengine.com/4.27/en-US/WorkingWithContent/Importing/Datasmith/Overview/}(23.9.2022)},
}

@techreport{bib:DSRunDoc,
	author = {{Epic Games}},
	title = {Using Datasmith at Runtime},
	institution = {Epic Games},
	year = {2022},
	type = {Official Documentation},
	note = {\url{https://docs.unrealengine.com/4.27/en-US/WorkingWithContent/Importing/Datasmith/Overview/UsingDatasmithAtRuntime/}(23.9.2022)},
}

@online{bib:FBXRun,
	author = {{Athian Games}},
	title = {Runtime FBX Import},
	note = {\url{https://www.unrealengine.com/marketplace/en-US/product/runtime-fbx-import-asynchronous}(23.9.2022)},
}

@techreport{bib:glTFRun,
	author = {Roberto De Ioris},
	title = {glTFRuntime Documentation},
	year = {2022},
	type = {Official Documentation},
	note = {\url{https://github.com/rdeioris/glTFRuntime-docs}(23.9.2022)},
}

@online{bib:UnrealFacts,
	author = {{Program-Ace}},
	year={2021},
	title = {Unity vs. Unreal: What to Choose for Your Project?},
	note = {\url{https://program-ace.com/blog/unity-vs-unreal/}(23.9.2022)},
}

@online{bib:UnrealGames,
	author = {Wikipedia},
	title = {List of Unreal Engine games},
	note = {\url{https://en.wikipedia.org/wiki/List_of_Unreal_Engine_games}(23.9.2022)},
}

@online{bib:Mando,
	author= {Bill Desowitz},
	date ={20.02.2020},
	title = {The Mandalorian: How ILM’s Innovative StageCraft Tech Created a ‘Star Wars’ Virtual Universe},
	institution = {Yahoo News},
	note = {\url{https://www.yahoo.com/entertainment/mandalorian-ilm-innovative-stagecraft-tech-220120449.html}(23.9.2022)},

}

@manual{bib:TimSweeney,
	author = {Tim Sweeney},
	title = {"GPU Gems 2 – Foreword},
	year={2005},
	note = {\url{https://developer.nvidia.com/gpugems/gpugems2/copyright}(23.9.2022)},
}

@techreport{bib:UEEditors,
	author = {{Epic Games}},
	title = {Tools and Editors},
	institution = {Epic Games},
	type = {Official Documentation},
	note = {\url{https://docs.unrealengine.com/5.0/en-US/tools-and-editors-in-unreal-engine/}(23.9.2022)},
}

@techreport{bib:UEActors,
	author = {{Epic Games}},
	title = {Actors and Geometry},
	institution = {Epic Games},
	type = {Official Documentation},
	note = {\url{https://docs.unrealengine.com/4.27/en-US/Basics/Actors/}(23.9.2022)},
}

@techreport{bib:UEComponents,
	author = {{Epic Games}},
	title = {Components},
	institution = {Epic Games},
	type = {Official Documentation},
	note = {\url{https://docs.unrealengine.com/4.27/en-US/Basics/Components/}(23.9.2022)},
}

@techreport{bib:UEPawn,
	author = {{Epic Games}},
	title = {Pawn},
	institution = {Epic Games},
	type = {Official Documentation},
	note = {\url{https://docs.unrealengine.com/4.27/en-US/InteractiveExperiences/Framework/Pawn/}(23.9.2022)},
}

@techreport{bib:UECharacter,
	author = {{Epic Games}},
	title = {Character},
	institution = {Epic Games},
	type = {Official Documentation},
	note = {\url{https://docs.unrealengine.com/4.27/en-US/InteractiveExperiences/Framework/Pawn/Character/}(23.9.2022)},
}

@techreport{bib:UEControllers,
	author = {{Epic Games}},
	title = {Player Controller},
	institution = {Epic Games},
	type = {Official Documentation},
	note = {\url{https://docs.unrealengine.com/4.27/en-US/InteractiveExperiences/Framework/Controller/PlayerController/}(23.9.2022)},
}
@techreport{bib:UEBlueprints,
	author = {{Epic Games}},
	title = {Blueprint Visual Scripting},
	institution = {Epic Games},
	type = {Official Documentation},
	note = {\url{https://docs.unrealengine.com/4.27/en-US/ProgrammingAndScripting/Blueprints/}(23.9.2022)},
}

@techreport{bib:UEPBR,
	author = {{Epic Games}},
	title = {Physically Based Materials},
	institution = {Epic Games},
	type = {Official Documentation},
	note = {\url{https://docs.unrealengine.com/4.26/en-US/RenderingAndGraphics/Materials/PhysicallyBased/}(23.9.2022)},
}

@techreport{bib:UECPlus,
	author = {{Epic Games}},
	title = {Why C++ in Unreal Engine isn't that scary?},
	institution = {Epic Games},
	type = {Developer Documentation},
	note = {\url{https://dev.epicgames.com/community/learning/tutorials/Ml0p/why-c-in-unreal-engine-isn-t-that-scary}(23.9.2022)},
}

@online{bib:UEBlueChanges,
		author= {Nathan Grayson},
		date = {20.07.2012},
		title={Fortnite's Jessen Talks Minecraft, PC Gaming, UE4 },
		note ={\url{https://www.rockpapershotgun.com/fortnites-jessen-talks-minecraft-pc-gaming-ue4}(23.09.2022)}
}


@techreport{bib:RMC,
	author = {{TriAxis-Games}},
	title = {Runtime Mesh Component},
	institution = {TriAxis-Games},
	type = {Official Documentation},
	note = {\url{https://github.com/TriAxis-Games/RuntimeMeshComponent}(23.9.2022)},
}

@online{bib:Morrowind,
	author= {Ian Walker},
	date = {9.23.2020},
	year = {2020},
	title={Morrowind Completely Rebooted Your Xbox During Some Loading Screens},
	note = {\url{https://kotaku.com/1845158550}(23.09.2022)}
}

@online{bib:MultiThread,
	author = {Lucas Maldonado},
	title = {Multithreading With FRunnable},
	note = {\url{https://unrealcommunity.wiki/multithreading-with-frunnable-2a4xuf68}(23.9.2022)},
}

@online{bib:RunTex,
	author= {Peter Leontev},
	date = {14.3.2022},
	title={Runtime Image Loader},
	note = {\url{https://www.unrealengine.com/marketplace/en-US/product/runtime-image-loader}(23.09.2022)}
}


@techreport{bib:UEOnlSuS,
	author = {{Epic Games}},
	title = {Online Subsystem},
	institution = {Epic Games},
	type = {Official Documentation},
	note = {\url{https://docs.unrealengine.com/4.27/en-US/ProgrammingAndScripting/Online/}(23.9.2022)},
}


@techreport{bib:UEPMC,
	author = {{Epic Games}},
	title = {Procedural Mesh},
	institution = {Epic Games},
	type = {Official Documentation},
	note = {\url{https://docs.unrealengine.com/4.27/en-US/BlueprintAPI/Components/ProceduralMesh/}(23.9.2022)},
}

@manual{bib:ProcProb,
	author= {Ryan Schmidt},
	date = {23.11.2020},
	year = {2020},
	title={Procedural Mesh Blueprints in UE4.26},
	note = {\url{http://www.gradientspace.com/tutorials/2020/11/11/procedural-mesh-blueprints-in-ue426}(23.09.2022)}
}


@online{bib:NetworkComp,
		author= {Cedric Neukirchen},
		date = {14.04.2022},
		title = {Unreal Engine 4 Network Compendium},
		note = {\url{https://dev.epicgames.com/community/learning/tutorials/jO9e/multiplayer-network-compendium}(23.9.2022)},
		version = {1.5.5},
}

@techreport{bib:UEBFL,
	author = {{Epic Games}},
	title = {Blueprint Function Libraries},
	institution = {Epic Games},
	type = {Official Documentation},
	note = {\url{https://docs.unrealengine.com/4.27/en-US/ProgrammingAndScripting/ProgrammingWithCPP/BlueprintFunctionLibraries/}(23.9.2022)},
}

@online{bib:DeskPlat,
	author = {Jamie Dale},
	title = {Loading Desktop Platform module},
	date = {14.11.2014},
	year ={2014},
	note = {\url{https://forums.unrealengine.com/t/loading-desktopplatform-module/299189/6}(23.09.2022)},
	organization = {Epic Games},
}

@techreport{bib:UELibC,
	author = {{Epic Games}},
	title = {FHTTPModule},
	institution = {Epic Games},
	type = {Official Documentation},
	note = {\url{https://docs.unrealengine.com/4.27/en-US/API/Runtime/HTTP/FHttpModule/}(23.9.2022)},
}

@techreport{bib:OBJ,
	author = {{Wavefront Technologies}},
	title = {Advanced Visualizer Manual - Appendix B1},
	institution = {Wavefront Technologies},
	type = {Official Documentation},
	year = {1992},
	note = {\url{http://paulbourke.net/dataformats/obj/}(23.9.2022)},
}

@techreport{bib:MTL,
	author = {Ramey, D. Rose, L. and Tyerman, L.},
	title = {MTL material format (Lightwave, OBJ)},
	institution = {Wavefront Technologies},
	type = {Official Documentation},
	year = {1995},
	note = {\url{http://paulbourke.net/dataformats/mtl/}(23.9.2022)},
}

@techreport{bib:STL,
	author = {Paul Bourke},
	title = {STL format},
	year = {1999},
	note = {\url{http://paulbourke.net/dataformats/stl/}(23.9.2022)},
}